<record><leader>00000cas a22000007a 4500</leader><controlfield tag="001">25823884</controlfield><controlfield tag="008">920515d1904191unyucr ne      0    0eng d</controlfield><datafield ind1=" " ind2=" " tag="010"><subfield code="a">sn 92061565 </subfield></datafield><datafield ind1=" " ind2=" " tag="040"><subfield code="a">NYS</subfield><subfield code="b">eng</subfield><subfield code="c">NYS</subfield><subfield code="d">OCLCQ</subfield><subfield code="d">OCLCF</subfield><subfield code="d">OCLCO</subfield></datafield><datafield ind1=" " ind2=" " tag="042"><subfield code="a">msc</subfield></datafield><datafield ind1=" " ind2=" " tag="043"><subfield code="a">n-us-ny</subfield></datafield><datafield ind1="0" ind2="0" tag="245"><subfield code="a">Herkimer semi weekly Democrat.</subfield></datafield><datafield ind1="1" ind2="3" tag="246"><subfield code="a">Semi-weekly Democrat</subfield></datafield><datafield ind1="3" ind2="0" tag="246"><subfield code="a">Herkimer Democrat</subfield></datafield><datafield ind1=" " ind2=" " tag="260"><subfield code="a">Herkimer, N.Y. :</subfield><subfield code="b">A.F. Flummerfelt</subfield></datafield><datafield ind1=" " ind2=" " tag="300"><subfield code="a">v.</subfield></datafield><datafield ind1=" " ind2=" " tag="310"><subfield code="a">Semiweekly</subfield></datafield><datafield ind1="1" ind2=" " tag="362"><subfield code="a">Began in 1904?</subfield></datafield><datafield ind1=" " ind2=" " tag="500"><subfield code="a">"Semi weekly" appears within masthead ornament.</subfield></datafield><datafield ind1=" " ind2=" " tag="500"><subfield code="a">Published as: Herkimer Democrat; &lt;Sept. 29, 1909&gt;, &lt;Mar. 30, 1911&gt;.</subfield></datafield><datafield ind1=" " ind2=" " tag="588"><subfield code="a">Description based on: Vol. 64, no. 29 (Nov. 29, 1905).</subfield></datafield><datafield ind1=" " ind2="0" tag="651"><subfield code="a">Herkimer (N.Y.)</subfield><subfield code="v">Newspapers.</subfield></datafield><datafield ind1=" " ind2="0" tag="651"><subfield code="a">Herkimer County (N.Y.)</subfield><subfield code="v">Newspapers.</subfield></datafield><datafield ind1=" " ind2="7" tag="655"><subfield code="a">Newspapers.</subfield><subfield code="2">fast</subfield><subfield code="0">(OCoLC)fst01423814</subfield></datafield><datafield ind1=" " ind2="7" tag="651"><subfield code="a">New York (State)</subfield><subfield code="z">Herkimer.</subfield><subfield code="2">fast</subfield><subfield code="0">(OCoLC)fst01213041</subfield></datafield><datafield ind1=" " ind2="7" tag="651"><subfield code="a">New York (State)</subfield><subfield code="z">Herkimer County.</subfield><subfield code="2">fast</subfield><subfield code="0">(OCoLC)fst01223285</subfield></datafield><datafield ind1=" " ind2=" " tag="752"><subfield code="a">United States</subfield><subfield code="b">New York</subfield><subfield code="c">Herkimer</subfield><subfield code="d">Herkimer.</subfield></datafield><datafield ind1="0" ind2="0" tag="780"><subfield code="t">Herkimer Democrat (Herkimer, N.Y. : 1877)</subfield><subfield code="w">(DLC)sn 83031098</subfield><subfield code="w">(OCoLC)9776013</subfield></datafield><datafield ind1="0" ind2="7" tag="785"><subfield code="t">Herkimer County news (Little Falls, N.Y.)</subfield><subfield code="w">(DLC)sn 83031380</subfield><subfield code="w">(OCoLC)9925874</subfield></datafield><datafield ind1="0" ind2="7" tag="785"><subfield code="t">Herkimer County news and Herkimer County Democrat</subfield><subfield code="w">(DLC)sn 92061594</subfield><subfield code="w">(OCoLC)25733065</subfield></datafield></record>